<collection xmlns="http://www.loc.gov/MARC21/slim">
<record>
  <leader>01171nam0a2200253 i 450 </leader>
  <controlfield tag="001">IT\ICCU\CNCE\075562</controlfield>
  <controlfield tag="005">20160309000000.0</controlfield>
  <datafield tag="012" ind1=" " ind2=" ">
    <subfield code="a">a.pp baem peui manu (C) 1514 (Q)</subfield>
    <subfield code="2">fei</subfield>
  </datafield>
  <datafield tag="100" ind1=" " ind2=" ">
    <subfield code="a">20110118f15141522    0itac0103    ba</subfield>
  </datafield>
  <datafield tag="101" ind1=" " ind2=" ">
    <subfield code="a">LAT</subfield>
  </datafield>
  <datafield tag="102" ind1=" " ind2=" ">
    <subfield code="a">IT</subfield>
  </datafield>
  <datafield tag="200" ind1="1" ind2=" ">
    <subfield code="a">De esse diffinitione diuisione &amp; origine medicinae Bartholomei de Pisis ...</subfield>
  </datafield>
  <datafield tag="210" ind1=" " ind2=" ">
    <subfield code="d">\tra il 1514 e il 1522!</subfield>
  </datafield>
  <datafield tag="215" ind1=" " ind2=" ">
    <subfield code="a">\40! c.</subfield>
    <subfield code="d">4ʻ</subfield>
  </datafield>
  <datafield tag="300" ind1=" " ind2=" ">
    <subfield code="a">Stampata a Firenze da Bernardo Zucchetta; per il tipografo e la data, cfr.: D. E Rhodes, Notes on early Florentine printing. In: La Bibliofilia, 84 (1982), p. 146-155</subfield>
  </datafield>
  <datafield tag="620" ind1=" " ind2=" ">
    <subfield code="a">IT</subfield>
    <subfield code="d">Firenze</subfield>
  </datafield>
  <datafield tag="700" ind1=" " ind2="0">
    <subfield code="a">Bartolomeo</subfield>
    <subfield code="c"> : da#Pisa</subfield>
    <subfield code="c"> &lt; medico&gt;</subfield>
    <subfield code="3">IT\ICCU\CNCA\001428</subfield>
  </datafield>
  <datafield tag="712" ind1="0" ind2="0">
    <subfield code="a">Zucchetta, Bernardo</subfield>
    <subfield code="3">IT\ICCU\CNCT\000213</subfield>
    <subfield code="4">650</subfield>
  </datafield>
  <datafield tag="790" ind1=" " ind2="0">
    <subfield code="a">Bartholomaeus</subfield>
    <subfield code="c"> : de#Pisis</subfield>
    <subfield code="3">IT\ICCU\CNCA\007717</subfield>
    <subfield code="z">Bartolomeo : da#Pisa &lt; medico&gt;</subfield>
  </datafield>
  <datafield tag="791" ind1="0" ind2="0">
    <subfield code="a">Zuchetta, Bernardus</subfield>
    <subfield code="3">IT\ICCU\CNCT\004196</subfield>
    <subfield code="z">Zucchetta, Bernardo</subfield>
  </datafield>
  <datafield tag="791" ind1="0" ind2="0">
    <subfield code="a">Zucchecta, Bernardo</subfield>
    <subfield code="3">IT\ICCU\CNCT\005844</subfield>
    <subfield code="z">Zucchetta, Bernardo</subfield>
  </datafield>
  <datafield tag="801" ind1=" " ind2="3">
    <subfield code="a">IT</subfield>
    <subfield code="b">ICCU</subfield>
    <subfield code="c">20201115</subfield>
  </datafield>
  <datafield tag="899" ind1=" " ind2=" ">
    <subfield code="a">Biblioteca dell&apos;Accademia nazionale dei Lincei e Corsiniana. Roma</subfield>
    <subfield code="1">RM0418</subfield>
    <subfield code="2">RML 10</subfield>
  </datafield>
  <datafield tag="899" ind1=" " ind2=" ">
    <subfield code="a">British Library. London</subfield>
    <subfield code="1">UK0001</subfield>
  </datafield>
</record>
</collection>
